<?xml version="1.0" encoding="UTF-8"?><collection xmlns="http://www.loc.gov/MARC21/slim"><record><leader>00387nam--2200133-i-4500</leader><controlfield tag="001">000023509</controlfield><controlfield tag="002">20161230</controlfield><controlfield tag="005">20161230201035</controlfield><controlfield tag="008">060222s1000------------r-----000-0-eng-d</controlfield><datafield ind1=" " ind2=" " tag="080"><subfield code="a">621.039.577:575.24:539.12.04</subfield></datafield><datafield ind1=" " ind2=" " tag="245"><subfield code="a">Human and ecologic effects of nuclear powwer plants</subfield></datafield><datafield ind1=" " ind2=" " tag="260"><subfield code="a">Springfield, Charles C.Thomas, Publ.1974, Xix + 536 P</subfield></datafield><datafield ind1=" " ind2=" " tag="700"><subfield code="a">Sagan, Leonard A</subfield></datafield><datafield ind1=" " ind2=" " tag="852"><subfield code="a">42980</subfield></datafield></record></collection>